@book{bib:biomedicina-statistika,
    author    = "Jana Zvárová",
    title     = "Základy statistiky pro biomedicínské obory",
    year      = "2007",
    publisher = "Karolinum"
}

@misc{ bib:wiki-chi-squared,
   	author = "Wikipedia",
   	title = "Chi-squared test",
   	year = "2015",
   	url = "https://en.wikipedia.org/wiki/Chi-squared_test",
	note = "[Online; pristupované 6-November-2015]"
}
